@inproceedings{Nayeri2016,
    title = {{A testbed for adaptive beamforming with software defined radio arrays}},
    year = {2016},
    booktitle = {2016 IEEE/ACES International Conference on Wireless Information Technology and Systems (ICWITS) and Applied Computational Electromagnetics (ACES)},
    author = {Nayeri, P and Haupt, R L},
    pages = {1--2}
}

@techreport{ad9361,
    title = {{AD7AD7476A/AD7477A/AD7478A Datasheet and Product Info}},
    year = {2011},
    booktitle = {Analog Devices},
    author = {{Analog Devices}},
    month = {11},
    url = {https://www.analog.com/en/products/ad9361.html https://www.analog.com/en/products/ad620.html},
    institution = {Analog Devices},
    address = {Norwood}
}

@book{Allen2005,
    title = {{Adaptive array systems : fundamentals and applications}},
    year = {2005},
    author = {Allen, B. and Ghavami, M.},
    edition = {1st},
    pages = {253},
    publisher = { John Wiley{\&} Sons},
    address = {Chichester},
    isbn = {9780470861899}
}

@inproceedings{Oumar2012,
    title = {{Comparison between MUSIC and ESPRIT direction of arrival estimation algorithms for wireless communication systems}},
    year = {2012},
    booktitle = {1st International Conference on Future Generation Communication Technologies, FGCT 2012},
    author = {Oumar, Ousmane Abdoulaye and Siyau, Ming Fei and Sattar, Tariq P.},
    pages = {99--103},
    isbn = {9781467358590},
    doi = {10.1109/FGCT.2012.6476563},
    keywords = {AOA, DOA, ESPRIT, MATLAB, MUSIC}
}

@misc{AD2017,
    title = {{Digital Beamforming Techniques for Phased Array Systems}},
    year = {2017},
    booktitle = {Analog Devices},
    author = {Delos, Peter},
    month = {1},
    url = {https://www.analog.com/en/education/education-library/webcasts/digital-beamforming-techniques-for-phased-array-systems.html}
}

@inproceedings{Gaydos2018,
    title = {{Experimental Demonstration of a Software-Defined-Radio Adaptive Beamformer}},
    year = {2018},
    booktitle = {2018 48th European Microwave Conference (EuMC)},
    author = {Gaydos, D and Nayeri, P and Haupt, R},
    pages = {1581--1584}
}

@book{Ethernet,
    title = {{IEEE Standard for Ethernet 802.3-2018}},
    year = {2018},
    booktitle = {IEEE Standard for Ethernet},
    author = {{IEEE Computer Society}},
    month = {6},
    pages = {1--5600},
    volume = {2018},
    isbn = {973-07381-7312-2},
    doi = {10.1109/IEEESTD.2018.6419735},
    keywords = {10 Gigabit Ethernet, 100 Gigabit Ethernet, 1000BASE, 100BASE, 100GBASE, 10BASE, 10GBASE, 40 Gigabit Ethernet, 40GBASE, AUI, Auto Negotiation, Backplane Ethernet, DTE Power via the MDI, EPON, Ethernet, Ethernet in the First Mile, Ethernet passive optical network, Fast Ethernet, GMII, Gigabit Ethernet, IEEE 802.3, MDI, MIB, MII, PHY, PMA, Physical Layer, Power over Ethernet, VLAN TAG, XGMII, attachment unit interface, data processing, information exchange, local area network, management, media independent interface, medium dependent interface, physical coding sublayer, physical medium attachment, repeater, type field}
}

@incollection{Liu2010,
    title = {{Introduction}},
    year = {2010},
    booktitle = {Wideband Beamforming},
    author = {Liu, Wei and Weiss, Stephan},
    chapter = {1},
    edition = {1st},
    month = {3},
    pages = {1--18},
    publisher = {John Wiley {\&} Sons, Ltd},
    address = {Chichester},
    doi = {10.1002/9780470661178.ch1}
}

@misc{sdrtable,
    title = {{LimeSDR | Crowd Supply}},
    year = {2016},
    author = {{Lime Microsystems}},
    url = {https://www.crowdsupply.com/lime-micro/limesdr}
}

@misc{Delos2017,
    title = {{Receiver Design Considerations in Digital Beamforming Phased Arrays}},
    year = {2017},
    booktitle = {Microwaves {\&} RF},
    author = {Delos, Peter},
    url = {https://www.mwrf.com/technologies/components/article/21845907/receiver-design-considerations-in-digital-beamforming-phased-arrays}
}

@book{Stewart,
    title = {{Software defined radio using MATLAB{\textregistered} {\&} Simulink{\textregistered} and the RTL-SDR}},
    year = {2017},
    author = {Stewart, Robert W. (Electrical engineer) and Barlee, Kenneth W. and Atkinson, Dale S. W. and Crockett, Louise H.},
    edition = {1st (revised)},
    month = {2},
    pages = {646},
    publisher = {Strathclyde Academic Media},
    address = {Glassgow},
    isbn = {9780992978716}
}

@techreport{USB2,
    title = {{Universal Serial Bus Specification}},
    year = {2000},
    booktitle = {Group},
    author = {Intel, Compaq Hewlett-packard and Microsoft, Lucent and Philips, N E C},
    month = {4},
    url = {http://www.usb.org},
    institution = {USB IF}
}

@techreport{USB3,
    title = {{USB 3.1 Specification â€” Language Usage Guidelines from USB-IF}},
    year = {2020},
    author = {{USB Implementations Forum}},
    month = {7},
    url = {http://www.usb.org/developers},
    institution = {USB IF}
}

@inproceedings{Jang2018ABeamformer,
    title = {{A true time delay 16-element 4-beam digital beamformer}},
    year = {2018},
    booktitle = {Digest of Papers - IEEE Radio Frequency Integrated Circuits Symposium},
    author = {Jang, Sunmin and Lu, Rundao and Jeong, Jaehun and Flynn, Michael P.},
    month = {8},
    pages = {12--15},
    volume = {2018-June},
    publisher = {Institute of Electrical and Electronics Engineers Inc.},
    isbn = {9781538645451},
    doi = {10.1109/RFIC.2018.8429016},
    issn = {15292517},
    keywords = {Digital beamforming, MIMO, delay line, linear array, linearity, phased-array, receiver, true time delay}
}

@misc{AnalogDevices2019ADALM-PLUTOOverview,
    title = {{ADALM-PLUTO Overview}},
    year = {2019},
    author = {{Analog Devices}},
    month = {11},
    url = {https://wiki.analog.com/university/tools/pluto}
}

@misc{Nuand2018BladeRFMicro,
    title = {{bladeRF 2.0 micro}},
    year = {2018},
    author = {{Nuand}},
    month = {11},
    url = {https://www.nuand.com/bladerf-2-0-micro/}
}

@misc{CoherentReceiver2020CoherentSDR,
    title = {{Coherent Transceivers based on ADALM-PLUTO SDR}},
    year = {2020},
    author = {{Coherent Receiver}},
    url = {https://coherent-receiver.com/pluto-sdr}
}

@inproceedings{Myrick2018DistributedRadios,
    title = {{Distributed GPS beamforming with low-cost software defined radios}},
    year = {2018},
    booktitle = {Proceedings of the 2018 International Technical Meeting of The Institute of Navigation, ITM 2018},
    author = {Myrick, Wilbur L.},
    pages = {495--501},
    volume = {2018-January},
    publisher = {Institute of Navigation},
    doi = {10.33012/2018.15584}
}

@misc{Othernet2019KerberosSDR,
    title = {{KerberosSDR}},
    year = {2019},
    author = {{Othernet}},
    url = {https://othernet.is/products/kerberossdr-4x-coherent-rtl-sdr}
}

@misc{Nuand2019LibbladeRF2.2.1,
    title = {{libbladeRF 2.2.1}},
    year = {2019},
    author = {{Nuand}},
    month = {8},
    url = {https://www.nuand.com/bladeRF-doc/libbladeRF/v2.2.1/}
}

@misc{Mathworks2020MeasureMagnitude,
    title = {{Measure error vector magnitude}},
    year = {2020},
    author = {{Mathworks}},
    url = {https://uk.mathworks.com/help/comm/ref/comm.evm-system-object.html}
}

@misc{Edgcombe2019MultipleSynchronization,
    title = {{Multiple device hardware level synchronization}},
    year = {2019},
    author = {Edgcombe, Joshua},
    month = {2},
    url = {https://github.com/mossmann/hackrf/wiki/Multiple-device-hardware-level-synchronization}
}

@techreport{Laakso2018Phase-coherentBeamforming,
    title = {{Phase-coherent multichannel SDR-Sparse array beamforming}},
    year = {2018},
    author = {Laakso, Mikko and Rajam{\"{a}}ki, Robin and Wichman, Risto and Koivunen, Visa}
}

@misc{Mathworks2020QPSKKingdom,
    title = {{QPSK Transmitter and Receiver - MATLAB {\&} Simulink - MathWorks United Kingdom}},
    year = {2020},
    author = {{Mathworks}},
    url = {https://uk.mathworks.com/help/comm/examples/qpsk-transmitter-and-receiver-1.html}
}

@techreport{RTL-SDR.com2020RTL-SDRDatasheet,
    title = {{RTL-SDR Blog V3 Datasheet}},
    year = {2020},
    author = {{RTL-SDR.com}},
    pages = {8},
    url = {https://www.rtl-sdr.com/wp-content/uploads/2018/02/RTL-SDR-Blog-V3-Datasheet.pdf}
}

@misc{RedPitayaSTEMlabTransceiver,
    title = {{STEMlab as a core of your own SDR transceiver}},
    author = {{Red Pitaya}},
    url = {https://www.redpitaya.com/181/STEMlab as a core of your own SDR transceiver?utm_source=RPHomePage&utm_medium=SDRtransciever}
}

@misc{Mathworks2020SymbolSynchronization,
    title = {{Symbol and Frame Synchronization}},
    year = {2020},
    author = {{Mathworks}},
    url = {https://uk.mathworks.com/help/comm/ug/symbol-and-frame-synchronization.html}
}